<?xml version="1.0" encoding="UTF-8"?><collection xmlns="http://www.loc.gov/MARC21/slim"><record><leader>00566nam--2200193-i-4500</leader><controlfield tag="001">000012091</controlfield><controlfield tag="002">20161230</controlfield><controlfield tag="005">20161230201029</controlfield><controlfield tag="008">060222s1000------------r-----000-0-fre-d</controlfield><datafield ind1=" " ind2=" " tag="040"><subfield code="a">IFIN-HH</subfield></datafield><datafield ind1=" " ind2=" " tag="041"><subfield code="a">fre</subfield></datafield><datafield ind1=" " ind2=" " tag="080"><subfield code="a">537.531:546.77:546.97:546.57(045)</subfield></datafield><datafield ind1="1" ind2=" " tag="100"><subfield code="a">Hulubei, H</subfield></datafield><datafield ind1="1" ind2="0" tag="245"><subfield code="a">Raies faibles dans les spectres k. des element s 42 (molybdene), 45 (rhodium) et 47 (argent) ii</subfield><subfield code="c">H. hulubei, y. cauchois</subfield></datafield><datafield ind1=" " ind2=" " tag="260"><subfield code="a">Paris</subfield><subfield code="b">Gauthier-villars</subfield><subfield code="c">1934</subfield></datafield><datafield ind1=" " ind2=" " tag="300"><subfield code="a">2 P</subfield></datafield><datafield ind1="1" ind2=" " tag="700"><subfield code="a">Cauchois, Y</subfield></datafield><datafield ind1=" " ind2=" " tag="852"><subfield code="a">44668</subfield><subfield code="c">H.H</subfield></datafield><datafield ind1=" " ind2=" " tag="CAT"><subfield code="a">Sys</subfield><subfield code="c">20130416</subfield><subfield code="h">174413</subfield></datafield></record></collection>